<?xml version="1.0" encoding="UTF-8"?><collection xmlns="http://www.loc.gov/MARC21/slim"><record><leader>00410nam--2200133-i-4500</leader><controlfield tag="001">000037734</controlfield><controlfield tag="002">20161230</controlfield><controlfield tag="005">20161230201041</controlfield><controlfield tag="008">060222s1000------------r-----000-0-eng-d</controlfield><datafield ind1=" " ind2=" " tag="080"><subfield code="a">338.062.14</subfield></datafield><datafield ind1=" " ind2=" " tag="100"><subfield code="a">Protopopescu,V.V</subfield></datafield><datafield ind1=" " ind2=" " tag="245"><subfield code="a">Metode de analiza pentru descoperirea rezervelor interne ale productiei</subfield></datafield><datafield ind1=" " ind2=" " tag="260"><subfield code="a">Bucuresti, Ed.De Stat Pentru Literatura Economica Si Juridica, 1956. 229 P</subfield></datafield><datafield ind1=" " ind2=" " tag="852"><subfield code="a">26834</subfield></datafield></record></collection>